@online{protoPlantWeb,
	url = {http://protoplant.stpindustries.cz/}


}

@online{MicropelPLC,
	author = {MICROPEL},
    title = {Ceník PLC společnosti Micropel},
    url = {http://www.micropel.cz/index.php?option=com_nahledz&Itemid=12&lang=cs},
    urldate = {2019-02-21}
}

@online{S7-1200PLC,
	author = {RS Components},
    title = {PLC Siemens S7 - 1200},
    url = {https://cz.rs-online.com/web/p/plc-procesory/8624461/},
    urldate = {2019-02-21}
}

@online{FX3sPLC,
	author = {RS Components},
    title = {PLC Mitsubishi Electric FX3s},
    url = {https://cz.rs-online.com/web/p/plc-procesory/7957975/},
    urldate = {2019-02-21}
}

@online{Micro810PLC,
	author = {RS Components},
    title = {PLC Allen Bradley Micro810},
    url = {https://cz.rs-online.com/web/p/plc-procesory/7508605/},
    urldate = {2019-02-21}
}

@thesis{sklenikVavra,
    author = {Vávra, Lukáš},
    title = {Arduino: automatizovaný skleník},
    type = {Bakalářská práce},
    institution = {Západočeská univerzita v Plzni},
    year = {2014},
    url = {http://hdl.handle.net/11025/13488},
    urldate = {2019-02-21}
}

@online{raspPIgreenhouse,
author = {},
title = {},
year = {2018},
url = {https://tutorials-raspberrypi.com/build-your-own-automatic-raspberry-pi-greenhouse/},
OPTurldate = {2019-02-21},
}


@manual{DHT11,
	author = {AOSONG},
	title = {DHT11 datasheet},
	url = {https://components101.com/sites/default/files/component_datasheet/DHT11-		Temperature-Sensor.pdf},
	urldate = {2019-02-21}
}

@manual{ESP32dsheet,
	author = {ESPRESSIF},
	title = {ESP32 documentation},
    year = {2018},
    url = {https://docs.espressif.com/projects/esp-idf/en/latest/get-started/get-started-devkitc.html#overview},
    urldate = {2019-02-21}
}	

@manual{DHT22,
	author = {SparkFun},
	title = {DHT22/AM2302 datasheet},
	url = {https://www.sparkfun.com/datasheets/Sensors/Temperature/DHT22.pdf},
	urldate = {2019-02-21}
}




